@article{guazina2007,
  title={O conceito de m{\'\i}dia na comunica{\c{c}}{\~a}o e na ci{\^e}ncia pol{\'\i}tica: desafios interdisciplinares},
  author={Guazina, Liziane},
  journal={Revista Debates},
  volume={1},
  number={1},
  pages={49},
  year={2007},
  publisher={Universidade Federal do Rio Grande do Sul, IFCH-PPG em Ci{\^e}ncia Pol{\'\i}tica}
}

@manual{fgv2017,
	Author = {FGV},
	Date-Added = {2013-01-15 00:05:34 +0000},
	Date-Modified = {2015-04-27 22:43:18 +0000},
	Organization = {Equipe abnTeX2},
	Title = {Pesquisa Anual do Uso de TI},
	Url = {http://eaesp.fgv.br/ensinoeconhecimento/centros/cia/pesquisa},
	Year = {2016},
	}
	
@inproceedings{muller2009,
  title={Display blindness: The effect of expectations on attention towards digital signage},
  author={M{\"u}ller, J{\"o}rg and Wilmsmann, Dennis and Exeler, Juliane and Buzeck, Markus and Schmidt, Albrecht and Jay, Tim and Kr{\"u}ger, Antonio},
  booktitle={International Conference on Pervasive Computing},
  pages={1--8},
  year={2009},
  organization={Springer}
}

@book{vaswani2010,
  title={Zend Framework, A Beginner's Guide},
  author={Vaswani, Vikram},
  year={2010},
  publisher={McGraw Hill Professional}
}

@electronic{zend2018,
 author = {ZEND},
 title = {About - Zend Framework},
 url = {https://framework.zend.com/about},
 year = {2018},
 urldate = {14.01.2013},
 originalyear = {18.02.2011}
}

@misc{prezotto2017,
  title={Estudo de frameworks multiplataforma para desenvolvimento de aplica{\c{c}}{\~o}es mobile h{\'\i}bridas},
  author={Prezotto, Ezequiel Douglas and Boniati, Bruno Batista},
  year={2017}
}






@article{hjarvard2012,
  title={Midiatiza{\c{c}}{\~a}o: teorizando a m{\'\i}dia como agente de mudan{\c{c}}a social e cultural},
  author={Hjarvard, Stig},
  journal={Matrizes},
  volume={5},
  number={2},
  year={2012},
  publisher={Universidade de S{\~a}o Paulo},
  pages ={53-91}
}

@misc{deuze2002,
  title={The Internet and Its Journalisms--Part I: A Typology of Online Journalism, Online Journalism Review, posted on July 11, 2002},
  author={Deuze, Mark},
  year={2002}
}

@book{ryan2016,
  title={Understanding digital marketing: marketing strategies for engaging the digital generation},
  author={Ryan, Damian},
  year={2016},
  publisher={Kogan Page Publishers}
}

@article{canto2017,
  title={Marketing na Era Digital},
  author={CANTO, Luana Costa do and CORSO, Kathiane Benedetti},
  journal={International Journal of Business Marketing},
  volume={2},
  pages={98--111},
  year={2017}
}

@article{cintra2010,
  title={Marketing Digital: a era da tecnologia on-line},
  author={Cintra, Flavia Cristina},
  journal={INVESTIGA{\c{C}}{\~A}O},
  volume={10},
  number={1},
  year={2010}
}

@electronic{facebook2018a,
 author = {FACEBOOK},
 title = {Referência a permissões - Login do Facebook},
 url = {https://developers.facebook.com/docs/facebook-login/permissions},
  year = {2018},
 urldate = {14.01.2013},
 originalyear = {18.02.2011}
}

@electronic{facebook2018b,
 author = {FACEBOOK},
 title = {Visão geral},
 url = {https://developers.facebook.com/
docs/graph-api/overview},
 urldate = {14.01.2013},
 year = {2018},
}














@book{munari2006,
  title={Design e comunica{\c{c}}{\~a}o visual: contribui{\c{c}}{\~a}o para uma metodologia did{\'a}tica},
  author={Munari, Bruno},
  year={2006},
  publisher={Martins Fontes}
}

@inproceedings{mishima2016,
  title={Cost effective digital signage system using low cost information device},
  author={Mishima, Kazuhiro and Sakurada, Takeshi and Hagiwara, Yoichi},
  booktitle={Consumer Communications \& Networking Conference (CCNC), 2016 13th IEEE Annual},
  pages={266--267},
  year={2016},
  organization={IEEE}
}

@article{machado2010,
  title={A sinaliza{\c{c}}{\~a}o digital como ferramenta de rela{\c{c}}{\~o}es p{\'u}blicas: o caso Light SA},
  author={Machado, Jaqueline de Azevedo},
  year={2010}
}

@manual{santos2014,
	Author = {Felipe André dos Santos},
	Title = {Marketing na Era Digital: Análise da marca Chico Rei},
	Year = {2014},
	Pages = {9}}
	
@article{torres2000,
  title={Alavancando neg{\'o}cios na internet},
  author={TORRES, Gabriel and Cozer, Alberto},
  journal={Rio de Janeiro: Editora Axcel},
  year={2000}
}

@misc{oozo2017,
	author = {TV OOZO},
	year = {2017},
	title = {{Digital Signage platform for Raspberry Pi}},
	url = {https://pt.oozo.tv/},
	note = {Acessado em: 2017-09-09}
}

@misc{mango2017,
	author = {Mango Signs},
	year = {2017},
	title = {{Free Digital Signage Software}},
	url = {https://mangosigns.com/},
	note = {Acessado em: 2017-09-11}
}

@manual{sobrinho2017,
	author = {Matheus de Carvalho Sobrinho},
	year = {2017},
	title = {{Sistema Inteligente de Divulgação de Informações do
	IFG-Formosa}},
	pages = {64}
}
@misc{xibo2017,
	author = {Spring Signage XIBO},
	year = {2017},
	title = {{Digital Signage for Everyone!}},
	url = {http://xibo.org.uk/},
	note = {Acessado em: 2017-09-10}
}
@misc{screenly2017,
	author = {INC. Screenly},
	year = {2017},
	title = {{Digital Signage for Raspberry Pi}},
	url = {https://www.screenly.io/},
	note = {Acessado em: 2017-09-10}
}
@book{sebesta2011,
  title={Conceitos de linguagens de programa{\c{c}}{\~a}o},
  author={Sebesta, Robert W},
  year={2011},
  publisher={Bookman Editora}
}
@manual{rosenstark2007,
	Author = {Sol Rosenstark},
	Title = {Experiments with a Single Board Computer (SBC)},
	Year = {2007},
	Pages = {4}}
	
@article{cusick,
  title={Design, Construction, and Use of a Single Board Computer Beowulf Cluster: Application of the Small-Footprint, Low-Cost, InSignal 5420 Octa Board},
  author={Cusick, James J and Miller, William and Laurita, Nicholas and Pitt, Tasha},
  journal={arXiv preprint arXiv:1501.00039},
  year={2014}
}

@misc{aristotelous2016,
  title={Single Board Computer for Standardized Onboard Vehicle Network},
  author={Aristotelous, Andreas},
  year={2016}
}

@article{silva2007,
  title={Educa{\c{c}}{\~a}o, TV e Hegemonia},
  author={Da Silva, Renata Maldonado},
  journal={Esp{\'e}culo: Revista De Estudios Literarios},
  number={35},
  pages={56},
  year={2007},
  publisher={Departamento de Filolog{\'\i}a Espa{\~n}ola III}
}
	
@inproceedings{escobar2007,
  title={Blogs e intera{\c{c}}{\~a}o m{\'u}tua: uma vis{\~a}o contextualizada},
  author={Escobar, Juliana L{\'u}cia},
  booktitle={XXX Congresso Brasileiro de Ci{\^e}ncias da Comunica{\c{c}}{\~a}o--Intercom. Santos},
  year={2007}
}
@manual{forbes2016,
	Annote = {Este documento {\'e} derivado do \cite{abnt-bibtex-doc}},
	Author = {Revista Forbes},
	Date-Added = {2013-01-15 00:05:34 +0000},
	Date-Modified = {2015-04-27 22:43:18 +0000},
	Organization = {Equipe abnTeX2},
	Title = {Brasil é o maior usuário de redes sociais da América Latina},
	Url = {http://www.forbes.com.br/fotos/2016/06/brasil-e-o-maior-usuario-de-redes-sociais-da-america-latina/},
	Year = {2016}}



