-------------- INTRODUÇÃO --------------------
@Manual{machado2010,
  author = {Jaqueline De Azevedo Machado},
  title = {A sinaliza{\c{c}}{\~a}o digital como ferramenta de rela{\c{c}}{\~o}es p{\'u}blicas: o caso Light SA},
  note = {Trabalho de Conclusão de Curso},
  pages={67},
  year = {2010}
}

@Manual{silva2007,
author={Renata Maldonado Da Silva},
  title={Educa{\c{c}}{\~a}o, TV e Hegemonia},
  note = {Esp{\'e}culo: Revista De Estudios Literarios},
  pages={56},
  year={2007},
  publisher={Departamento de Filolog{\'\i}a Espa{\~n}ola III}
}

@misc{deuze2002,
  title={The Internet and Its Journalisms--Part I: A Typology of Online Journalism},
  author={Mark Deuze},
  year={2002}
}

@Manual{hjarvard2012,
 author={Stig Hjarvard},
  title={Midiatização: teorizando a m{\'\i}dia como agente de mudan{\c{c}}a social e cultural},
  note = {Revista Matrizes},
  pages = {38},
  year={2012},
  publisher={Universidade de S{\~a}o Paulo},
}

@Manual{meditsch2001,
  author={Eduardo Meditsch},
  title={O ensino do radiojornalismo em tempos de internet},
  note={XXIV Congresso Brasileiro da Comunicação},
  pages = {10},
  year={2001}
}

@Manual{escobar2007,
  title={Blogs e intera{\c{c}}{\~a}o m{\'u}tua: uma vis{\~a}o contextualizada},
  author={Escobar, Juliana L{\'u}cia},
  note ={XXX Congresso Brasileiro de Ci{\^e}ncias da Comunica{\c{c}}{\~a}o},
  pages = {17},
  year={2007},
}

@Manual{santos2014,
	Author = {Felipe André Dos Santos},
	Title = {Marketing na Era Digital: Análise da marca Chico Rei},
	note = {Trabalho de Conclusão de Curso},
	Year = {2014},
	Pages = {59}
}
	
@misc{emarketer,
  author = {{eMarketer}},
  note = {URL: https://www.emarketer.com/Report/Worldwide-Internet-Mobile-Users-eMarketers-Updated-Estimates-Forecast-20172021/2002147, Acessado em: 28-06-2018},
  year = {2017}
}

@Manual{pinheiro2010,
  author = {Rafaela Cristina Emiliano Pinheiro},
  title = {A importância da comunicação interna para o sucesso organizacional},
  note = {Monografia para especialização},
  pages={61},
  year = {2010},
}

@Manual{guazina2007,
  title={O conceito de m{\'\i}dia na comunica{\c{c}}{\~a}o e na ci{\^e}ncia pol{\'\i}tica: desafios interdisciplinares},
  author={Liziane Guazina},
  note={Revista Debates},
  pages={49},
  year={2007},
  publisher={Universidade Federal do Rio Grande do Sul, IFCH-PPG em Ci{\^e}ncia Pol{\'\i}tica}
}

@Manual{rosa2010,
  title={O impacto das redes sociais no marketing: perspectiva portuguesa},
  author={Nuno Gon{\c{c}}alo Henriques Da Rosa},
  year={2010},
  pages = {87},
  note = {Tese de Mestrado},
}

--------------------------------------------------
---------------------  PROPOSTA   -----------------------
@Manual{sobrinho2017,
  author = {Sobrinho, Mateus de Carvalho},
  title  = {Sistema Inteligente de Divulgação de Informações do IFG-Formosa},
  year   = {2017},
  pages  = {64},
  note = {Trabalho de Conclusão de Curso}
}


@Manual{bianchi2006,
  title={Mídia e esporte: os valores-notícia e suas repercussões na sociedade contemporânea},
  author={Paula Bianchi and Marli Hatje},
  note ={Revista Motrivivência},
  pages={13},
  year={2006}
}











---------------- REFERENCIAL -----------------------
@Electronic{phpusage2018,
  author       = {W3Techs},
  title        = {Usage statistics and market share of PHP for websites},
  year         = {2018},
  url          = {https://w3techs.com/technologies/details/pl-php/all/all},
  note         = {Acessado em: 2018-06-11}
}

@inproceedings{zhou2014,
  title={REST API design patterns for SDN northbound API},
  author={Zhou, Wei and Li, Li and Luo, Min and Chou, Wu},
  booktitle={Advanced Information Networking and Applications Workshops (WAINA), 2014 28th International Conference on},
  pages={358--365},
  year={2014},
  organization={IEEE}
}

@book{guedes2009,
  title={UML 2-Uma Abordagem Pr{\'a}tica-3{\textordfeminine} Edi{\c{c}}{\~a}o},
  author={Guedes, Gilleanes TA},
  year={2009},
  publisher={Novatec Editora}
}

@article{dos2013,
  title={Metodologias {\'A}geis Para O Desenvolvimento De Software: Aplica{\c{c}}{\~a}o E O Uso Da Metodologia Scrum Em Contraste Ao Modelo Tradicional De Gerenciamento De Projetos},
  author={dos Santos Silva, Daisy Eliana and de Souza, Ingredy Tha{\'\i}s and Camargo, Talita},
  journal={Revista Computa{\c{c}}{\~a}o Aplicada-UNG},
  volume={2},
  number={1},
  pages={39--46},
  year={2013}
}

@phdthesis{sousa2014,
  title={Uso do QR no marketing digital: a perspetiva do utilizador portugu{\^e}s},
  author={Sousa, Ana Sofia Barbosa Teixeira de},
  year={2014}
}

@article{ricarte2001,
  title={Programa{\c{c}}{\~a}o Orientada a Objetos: uma abordagem com Java},
  author={Ricarte, Ivan Luiz Marques},
  journal={Universidade Estadual de Campinas, Campinas, SP, Brasil},
  year={2001}
}

@article{cecin2005,
  title={FreeMMG: uma arquitetura cliente-servidor e par-a-par de suporte a jogos maci{\c{c}}amente distribu{\'\i}dos},
  author={Cecin, F{\'a}bio Reis},
  year={2005}
}

@misc{elmasri2005,
  title={Sistema de Banco de Dados. Revisor t{\'e}cnico Lu{\'\i}z Ricardo de Figueiredo},
  author={ELMASRI, Ramez and NAVATHE, Shamkant B},
  year={2005},
  publisher={S{\~a}o Paulo: Pearson Addison Wesley}
}

@book{makice2009,
  title={Twitter API: Up and running: Learn how to build applications with the Twitter API},
  author={Makice, Kevin},
  year={2009},
  publisher={" O'Reilly Media, Inc."}
}

-------------- FIM REFERENCIAL ---------------------
---------------- GRAPH API -------------------------
@article{soares2014,
  title={Disserta{\c{c}}{\~a}o de Mestrado - Introdu{\c{c}}{\~a}o {\`a} Teoria dos Grafos},
  author={Soares de Melo, Gildson and others},
  year={2014},
  publisher={Universidade Federal da Para{\'\i}ba}
}

@Electronic{oauth2018,
  author       = {OAuth},
  title        = {OAuth 2.0},
  year         = {2018},
  url          = {https://oauth.net/2/},
  note         = {Acessado em: 2018-05-23}
}

@Electronic{facebook2018c,
  author       = {FacebookC},
  title        = {Login no Facebook para Aplicativos—Visão geral},
  year         = {2018},
  url          = {https://developers.facebook.com/docs/facebook-login/overview/},
  note         = {Acessado em: 2018-05-23}
}
----------------- FIM GRAPH API --------------------

	
@inproceedings{muller2009,
  title={Display blindness: The effect of expectations on attention towards digital signage},
  author={M{\"u}ller, J{\"o}rg and Wilmsmann, Dennis and Exeler, Juliane and Buzeck, Markus and Schmidt, Albrecht and Jay, Tim and Kr{\"u}ger, Antonio},
  booktitle={International Conference on Pervasive Computing},
  pages={1--8},
  year={2009},
  organization={Springer}
}

@book{vaswani2010,
  title={Zend Framework, A Beginner's Guide},
  author={Vaswani, Vikram},
  year={2010},
  publisher={McGraw Hill Professional}
}

@Electronic{zend2018,
  author       = {ZEND},
  title        = {About - Zend Framework},
  year         = {2018},
  date         = {2013-01-14},
  url          = {https://framework.zend.com/about},
  note         = {Acessado em: 2017-10-10},
  urldate      = {2013-01-14},
  originalyear = {18.02.2011}
}

@misc{prezotto2017,
  title={Estudo de frameworks multiplataforma para desenvolvimento de aplica{\c{c}}{\~o}es mobile h{\'\i}bridas},
  author={Prezotto, Ezequiel Douglas and Boniati, Bruno Batista},
  year={2017}
}




@book{ryan2016,
  title={Understanding digital marketing: marketing strategies for engaging the digital generation},
  author={Ryan, Damian},
  year={2016},
  publisher={Kogan Page Publishers}
}

@Article{canto2017,
  author  = {Canto, Luana Costa do and Corso, Kathiane Benedetti},
  title   = {Marketing na Era Digital},
  journal = {International Journal of Business Marketing},
  year    = {2017},
  volume  = {2},
  pages   = {98--111},
}

@article{cintra2010,
  title={Marketing Digital: a era da tecnologia on-line},
  author={Cintra, Flavia Cristina},
  journal={INVESTIGA{\c{C}}{\~A}O},
  volume={10},
  number={1},
  year={2010}
}

@Electronic{facebook2018a,
  author       = {FACEBOOK},
  title        = {Referência a permissões - Login do Facebook},
  year         = {2018},
  url          = {https://developers.facebook.com/docs/facebook-login/permissions},
  note         = {Acessado em: 2018-04-10},
  urldate      = {14.01.2013},
  originalyear = {18.02.2011},
}

@Electronic{facebook2018b,
  author  = {FACEBOOK},
  title   = {Visão geral},
  year    = {2018},
  url     = {https://developers.facebook.com/
docs/graph-api/overview},
  note    = {Acessado em: 2018-04-10},
  urldate = {14.01.2013}
}


@Electronic{f72018,
  author  = {Framework7},
  title   = {Framework7 - Full featured HTML framework
for building iOS \& Android apps},
  year    = {2018},
  url     = {https://framework7.io/},
  note    = {Acessado em: 2018-05-08}
}

@article{minetto2007,
  title={Frameworks para Desenvolvimento em PHP},
  author={Minetto, Elton Lu{\'\i}s},
  journal={S{\~a}o Paulo: Novatec},
  year={2007}
}

@book{balduino2014,
  title={Dominando JavaScript com jQuery},
  author={Baldu{\'\i}no, Pl{\'\i}nio},
  year={2014},
  publisher={Editora Casa do C{\'o}digo}
}













@book{munari2006,
  title={Design e comunica{\c{c}}{\~a}o visual: contribui{\c{c}}{\~a}o para uma metodologia did{\'a}tica},
  author={Munari, Bruno},
  year={2006},
  publisher={Martins Fontes}
}

@inproceedings{mishima2016,
  title={Cost effective digital signage system using low cost information device},
  author={Mishima, Kazuhiro and Sakurada, Takeshi and Hagiwara, Yoichi},
  booktitle={Consumer Communications \& Networking Conference (CCNC), 2016 13th IEEE Annual},
  pages={266--267},
  year={2016},
  organization={IEEE}
}

@Article{torres2000,
  author  = {Torres, Gabriel and Cozer, Alberto},
  title   = {Alavancando neg{\'o}cios na internet},
  journal = {Rio de Janeiro: Editora Axcel},
  year    = {2000},
}

@misc{oozo2017,
	author = {TV OOZO},
	year = {2017},
	title = {{Digital Signage platform for Raspberry Pi}},
	url = {https://pt.oozo.tv/},
	note = {Acessado em: 2017-09-09}
}

@misc{mango2017,
	author = {Mango Signs},
	year = {2017},
	title = {{Free Digital Signage Software}},
	url = {https://mangosigns.com/},
	note = {Acessado em: 2017-09-11}
}

@Misc{xibo2017,
  author = {XIBO},
  title  = {{Digital Signage for Everyone!}},
  year   = {2017},
  note   = {Acessado em: 2017-09-10},
  url    = {http://xibo.org.uk/},
}
@misc{screenly2017,
	author = {INC. Screenly},
	year = {2017},
	title = {{Digital Signage for Raspberry Pi}},
	url = {https://www.screenly.io/},
	note = {Acessado em: 2017-09-10}
}
@book{sebesta2011,
  title={Conceitos de linguagens de programa{\c{c}}{\~a}o},
  author={Sebesta, Robert W},
  year={2011},
  publisher={Bookman Editora}
}
@manual{rosenstark2007,
	Author = {Sol Rosenstark},
	Title = {Experiments with a Single Board Computer (SBC)},
	Year = {2007},
	Pages = {4}}

@Article{cusick2014,
  author = {Cusick, James and Miller, William and Laurita, Nicholas and Pitt, Tasha},
  title  = {Design, Construction, and Use of a Single Board Computer Beowulf Cluster: Application of the Small-Footprint, Low-Cost, InSignal 5420 Octa Board},
  year   = {2014},
}

@misc{aristotelous2016,
  title={Single Board Computer for Standardized Onboard Vehicle Network},
  author={Aristotelous, Andreas},
  year={2016}
}

@Manual{forbes2016,
  author        = {Forbes},
  title         = {Brasil é o maior usuário de redes sociais da América Latina},
  year          = {2016},
  note          = {Acessado em: 2017-11-10},
  organization  = {Equipe abnTeX2},
  url           = {http://www.forbes.com.br/fotos/2016/06/brasil-e-o-maior-usuario-de-redes-sociais-da-america-latina/},
  annote        = {Este documento {\'e} derivado do \cite{abnt-bibtex-doc}},
  date-added    = {2013-01-15 00:05:34 +0000},
  date-modified = {2015-04-27 22:43:18 +0000},
}

