@book{ryan2016,
  title={Understanding digital marketing: marketing strategies for engaging the digital generation},
  author={Ryan, Damian},
  year={2016},
  publisher={Kogan Page Publishers}
}

@article{cintra2010,
  title={Marketing Digital: a era da tecnologia on-line},
  author={Cintra, Flavia Cristina},
  journal={INVESTIGA{\c{C}}{\~A}O},
  volume={10},
  number={1},
  year={2010}
}

@article{machado2010,
  title={A sinaliza{\c{c}}{\~a}o digital como ferramenta de rela{\c{c}}{\~o}es p{\'u}blicas: o caso Light SA},
  author={Machado, Jaqueline de Azevedo},
  year={2010}
}


@Article{torres2000,
  author  = {Torres, Gabriel and Cozer, Alberto},
  title   = {Alavancando neg{\'o}cios na internet},
  journal = {Rio de Janeiro: Editora Axcel},
  year    = {2000},
}

@Manual{figura1,
  author        = {Mentor Imobiliario},
  year			= {2018},
  note          = {Acessado em: 2018-06-24},
  url           = {https://mentorimobiliario.com.br/blog/6-motivos-para-utilizar-o-marketing-digital/},
}

@Manual{figura2,
  author        = {Sua TV},
  year			= {2018},
  note          = {Acessado em: 2018-06-24},
  url           = {https://www.suatv.com.br/blog/tag/sinalizacao-digital/},
}

@Manual{figura3,
  author        = {Vital Flux},
  year			= {2018},
  note          = {Acessado em: 2018-06-24},
  url           = {https://vitalflux.com/api-get-started-facebook-api-integration/},
}





