@inproceedings{munari2006,
	Author = {Bruno Munari},
	Title = {Contribuição para uma metodologia didatica},
	Year = {2006},
	Pages = {27-29},
	Volume = {3},
	Booktitle = {Design e comunicação visual},
}
@inproceedings{mishima2016,
	Author = {K. Mishima and T. Sakurada and Y. Hagiwara},
	Title = {Cost effective digital signage system using low cost information device},
	Year = {2016},
	Pages = {1-2},
	Booktitle = {Consumer Communications e Networking Conference (CCNC), 2016 13th IEEE Annual},
}
@manual{machado2010,
	Author = {Jaqueline de Azevedo Machado},
	Title = {A sinalização digital como ferramenta de relações publicas},
	Url = {https://www.lume.ufrgs.br/bitstream/handle/10183/28026/000767575.pdf?sequence=1},
	Year = {2010},
	Pages = {67}}
@manual{santos2014,
	Author = {Felipe André dos Santos},
	Title = {Marketing na Era Digital: Análise da marca Chico Rei},
	Url = {http://www.ufjf.br/facom/files/2014/03/Marketing-na-Era-Digital.pdf},
	Year = {2014},
	Pages = {9}}
@inproceedings{torres2000,
	Author = {Gabriel Torres and Alberto Cozer},
	Title = {Alavancando Negócios na Internet},
	Year = {2000},
	Pages = {113},
}
@misc{oozo2017,
	author = {TV OOZO},
	year = {2017},
	title = {{Digital Signage platform for Raspberry Pi}},
	url = {https://pt.oozo.tv/},
	note = {Acessado em: 2017-09-09}
}
@manual{mango2017,
	author = {Matheus de Carvalho Sobrinho},
	year = {2017},
	title = {{Sistema Inteligente de Divulgação de Informações do
	IFG-Formosa}},
	pages = {64}
}
@manual{sobrinho2017,
	author = {Matheus de Carvalho Sobrinho},
	year = {2017},
	title = {{Sistema Inteligente de Divulgação de Informações do
	IFG-Formosa}},
	pages = {64}
}
@misc{xibo2017,
	author = {Spring Signage XIBO},
	year = {2017},
	title = {{Digital Signage for Everyone!}},
	url = {http://xibo.org.uk/},
	note = {Acessado em: 2017-09-10}
}
@misc{screenly2017,
	author = {INC. Screenly},
	year = {2017},
	title = {{Digital Signage for Raspberry Pi}},
	url = {https://www.screenly.io/},
	note = {Acessado em: 2017-09-10}
}