@manual{forbes2016,
	Annote = {Este documento {\'e} derivado do \cite{abnt-bibtex-doc}},
	Author = {Revista Forbes},
	Date-Added = {2013-01-15 00:05:34 +0000},
	Date-Modified = {2015-04-27 22:43:18 +0000},
	Organization = {Equipe abnTeX2},
	Title = {Brasil é o maior usuário de redes sociais da América Latina},
	Url = {http://www.forbes.com.br/fotos/2016/06/brasil-e-o-maior-usuario-de-redes-sociais-da-america-latina/},
	Year = {2016},
	Bdsk-Url-1 = {http://www.abntex.net.br/}}

@manual{escobar2007,
	Author = {Juliana Lúcia Escobar},
	Title = {Blogs e interação mútua: uma visão contextualizada},
	Url = {http://www.intercom.org.br/papers/nacionais/2007/resumos/R1120-1.pdf},
	Year = {2007},
	Pages = {2}}

@manual{santos2014,
	Author = {Felipe André dos Santos},
	Title = {Marketing na Era Digital: Análise da marca Chico Rei},
	Url = {http://www.ufjf.br/facom/files/2014/03/Marketing-na-Era-Digital.pdf},
	Year = {2014},
	Pages = {9}}